% This file was created with JabRef 2.7.
% Encoding: Cp1252

@misc{bp1,
	author={Folke Lemaitre},
	title={Engagor, Now A Part of Clarabridge},
	year={2015},
	howpublished={\url{http://cxsocial.clarabridge.com/engagor-now-a-part-of-clarabridge/}},
	note={Geraadpleegd op 26/02/17}
}

@misc{SVGExporter,
	author={lannymcnie},
	title={SVGExporter},
	year={2015},
	howpublished={\url{https://github.com/CreateJS/EaselJS/tree/master/extras/SVGExporter}},
	note={Geraadpleegd op 20/03/17}
}

@misc{DooPHP,
	author={darkredz},
	title={DooPHP},
	year={2011},
	howpublished={\url{https://github.com/darkredz/DooPHP}},
	note={Geraadpleegd op 05/03/17}
}

@misc{ClarabridgeOffices,
	author={Clarabridge},
	title={Contact Clarabridge},
	year={2015},
	howpublished={\url{http://www.clarabridge.com/contact/}},
	note={Geraadpleegd op 09/03/17}
}

@misc{EngagorTeam,
	author={nn},
	title={CX Social - Developer Documentation},
	year={2017},
	howpublished={\url{https://developers.engagor.com/team}},
	note={Geraadpleegd op 09/03/17}
}

@misc{FabricJSIntro,
	author={Juriy Zaytsev},
	title={Intro to Fabric.js. Part 1},
	year={2008},
	howpublished={\url{http://fabricjs.com/fabric-intro-part-1}},
	note={Geraadpleegd op 13/03/17}
}

@misc{FabricJSIntro3Serialization,
	author={Juriy Zaytsev},
	title={Intro to Fabric.js. Part 3},
	year={2008},
	howpublished={\url{http://fabricjs.com/fabric-intro-part-3#serialization}},
	note={Geraadpleegd op 15/03/17}
}

@misc{FabricJSDocs,
	author={Juriy Zaytsev},
	title={JSDoc: Home},
	year={2015},
	howpublished={\url{http://fabricjs.com/docs/}},
	note={Geraadpleegd op 13/03/17}
}

@misc{MozillaCanvas-DrawingText,
	author={RegalVapor and nmve and teoli and fscholz and Jeremie and ethertank and Sheppy and jviereck and markg and lmorchard and ernestd},
	title={Drawing Text - Web APIs},
	year={2017},
	howpublished={\url{https://developer.mozilla.org/en-US/docs/Web/API/Canvas_API/Tutorial/Drawing_text}},
	note={Geraadpleegd op 15/03/17}
}

@misc{CanvasLayering,
	author={Adam Ranfelt},
	title={Optimize HTML5 canvas rendering with layering},
	year={2012},
	howpublished={\url{https://www.ibm.com/developerworks/library/wa-canvashtml5layering/}},
	note={Geraadpleegd op 18/03/17}
}

@misc{SVGElement,
	author={abbycar and Sebastianz and Sheppy and tifosi and jpmedley and fscholz and kscarfone and Jeremie},
	title={SVG Element - Web APIs},
	year={2016},
	howpublished={\url{https://developer.mozilla.org/en-US/docs/Web/API/SVGElement}},
	note={Geraadpleegd op 18/03/17}
}

@misc{Fabricsupportedbrowsers,
	author={Juriy Zaytsev},
	title={FabricJS - Javascript Canvas Library},
	year={2017},
	howpublished={\url{https://github.com/kangax/fabric.js/}},
	note={Geraadpleegd op 18/03/17}
}

@misc{Clarabridge.com,
	author={Clarabridge},
	title={Customer Experience Management Software - Clarabridge},
	year={2017},
	howpublished={\url{https://clarabridge.com}},
	note={Geraadpleegd op 09/03/17}
}

@misc{React,
	author={Facebook},
	title={A Javascript Library For Building User Interfaces - React},
	year={2017},
	howpublished={\url{https://facebook.github.io/react/}},
	note={Geraadpleegd op 09/03/17}
}

@misc{EngagorApp,
	author={Engagor},
	title={Clarabrige CX Social Dev Stage},
	year={2017},
	howpublished={\url{https://app.engagor.com/}},
	note={Geraadpleegd op 10/03/17}
}

@misc{KonvaGithub,
	author={Anton Lavrenov},
	title={Konva - Javascript 2d canvas library},
	year={2017},
	howpublished={\url{https://konvajs.github.io/}},
	note={Geraadpleegd op 19/03/17}
}

@misc{KonvaDocs,
	author={Anton Lavrenov},
	title={JSDoc: Namespace: konva},
	year={2017},
	howpublished={\url{https://konvajs.github.io/api/Konva.html}},
	note={Geraadpleegd op 19/03/17}
}

@misc{KonvaImageResize,
	author={Anton Lavrenov},
	title={HTML5 Canvas Drag, Drop, and Resize Images Demo},
	year={2017},
	howpublished={\url{https://konvajs.github.io/docs/sandbox/Image_Resize.html}},
	note={Geraadpleegd op 20/03/17}
}

@misc{KonvaLoad,
	author={Anton Lavrenov},
	title={Load HTML5 Canvas Stage from JSON Tutorial},
	year={2017},
	howpublished={\url{https://konvajs.github.io/docs/data_and_serialization/Complex_Load.html}},
	note={Geraadpleegd op 20/03/17}
}

@misc{KonvaSerialize,
	author={Anton Lavrenov},
	title={HTML5 Canvas Stage Data URL Tutorial},
	year={2017},
	howpublished={\url{https://konvajs.github.io/docs/data_and_serialization/Serialize_a_Stage.html}},
	note={Geraadpleegd op 20/03/17}
}
@misc{KonvaToImage,
	author={Anton Lavrenov},
	title={Save HTML5 Canvas Stage as JSON String},
	year={2017},
	howpublished={\url{https://konvajs.github.io/docs/data_and_serialization/Stage_Data_URL.html}},
	note={Geraadpleegd op 20/03/17}
}

@misc{URI,
	author={HTMLValidator and Peppesterest and fscholz and teoli and Jonathan\_Watt and oldhill and groovecoder and ModMaker and jsx},
	title={Data URIs - HTTP},
	year={2016},
	howpublished={\url{https://developer.mozilla.org/en-US/docs/Web/HTTP/Basics_of_HTTP/Data_URIs}},
	note={Geraadpleegd op 20/03/17}
}

@misc{EaselMouseInteraction,
	author={Lanny McNie},
	title={EaselJS Mouse Interaction},
	year={2017},
	howpublished={\url{http://www.createjs.com/tutorials/Mouse%20Interaction/}},
	note={Geraadpleegd op 23/03/17}
}

@misc{EaselMouseInteraction,
	author={Lanny McNie},
	title={EaselJS Mouse Interaction},
	year={2017},
	howpublished={\url{http://www.createjs.com/tutorials/Mouse%20Interaction/}},
	note={Geraadpleegd op 23/03/17}
}

@misc{EaselDocs,
	author={Lanny McNie},
	title={EaselJS v0.8.2 API Documentation : EaselJS},
	year={2017},
	howpublished={\url{http://www.createjs.com/docs/easeljs/modules/EaselJS.html}},
	note={Geraadpleegd op 23/03/17}
}

@misc{EngagorScreenshots,
	author={Engagor},
	title={Engagor webapplicatie},
	year={2017},
	howpublished={\url{https://app.engagor.com/}},
	note={Geraadpleegd op 09/03/17}
}

@misc{EditThemeMockup,
	author={Jared Dierickx},
	title={CX Social Preview Mode - InVision},
	year={2017},
	howpublished={\url{https://projects.invisionapp.com/d/main#/console/5000066/213989606/preview}},
	note={Geraadpleegd op 09/03/17}
}

@misc{RFC7230,
	author={Roy T. Fielding and Julian F. Reschke},
	title={Hypertext Transfer Protocol (HTTP/1.1): Message Syntax and Routing},
	year={2014},
	howpublished={\url{https://tools.ietf.org/html/rfc7230#section-3.1.1}},
	note={Geraadpleegd op 06/05/17}
}


@misc{CXSOcialLogo,
	author={Clarabridge},
	title={CXSocial - A Clarabridge Product},
	year={2017},
	howpublished={\url{http://3l3uol24eg0i3qephf1i107x.wpengine.netdna-cdn.com/wp-content/uploads/2017/03/cx-social_clarabridge-2017_logo-small.png}},
	note={Geraadpleegd op 06/05/17}
}

@misc{NodeJS,
	author={Node.js Foundation},
	title={Node.js},
	year={2017},
	howpublished={\url{https://nodejs.org/en/}},
	note={Geraadpleegd op 06/05/17}
}

@misc{GDlibrary,
	author={The PHP Group},
	title={Image Processing and GD},
	year={2017},
	howpublished={\url{http://php.net/manual/en/book.image.php}},
	note={Geraadpleegd op 09/05/17}
}

@misc{CanvasPrebuilt,
	author={Caleb Hearon},
	title={node-canvas-prebuilt},
	year={2017},
	howpublished={\url{https://github.com/chearon/node-canvas-prebuilt}},
	note={Geraadpleegd op 12/05/17}
}

@misc{JestGettingStarted,
	author={Facebook Inc.},
	title={Getting Started},
	year={2017},
	howpublished={\url{https://facebook.github.io/jest/docs/en/getting-started.html}},
	note={Geraadpleegd op 12/05/17}
}

@misc{Base64Image,
	author={rajesh},
	title={Base64 basics - What? Why? How?},
	year={2015},
	howpublished={\url{http://myitlearnings.com/wp-content/uploads/2015/11/base64.jpg}},
	note={Geraadpleegd op 12/05/17}
}

@misc{Base64,
	author={Heinz Tschabitscher},
	title={How Base64 Encoding Works},
	year={2016},
	howpublished={\url{https://www.lifewire.com/base64-encoding-overview-1166412}},
	note={Geraadpleegd op 13/05/17}
}

@misc{DockerWhatDocker,
	author={Docker Inc.},
	title={What is Docker},
	year={2017},
	howpublished={\url{https://www.docker.com/what-docker}},
	note={Geraadpleegd op 16/05/17}
}

@misc{OpenSourceWhatDocker,
	author={Jason Baker},
	title={What is Docker?},
	year={2014},
	howpublished={\url{https://opensource.com/resources/what-docker}},
	note={Geraadpleegd op 16/05/17}
}

@misc{DockerDiagram,
	author={Docker Inc.},
	title={What is a container},
	year={2017},
	howpublished={\url{https://www.docker.com/what-container}},
	note={Geraadpleegd op 16/05/17}
}

@misc{TwitterAPIDoc,
	author={Twitter},
	title={Twitter Developer Documentation},
	year={2017},
	howpublished={\url{https://dev.twitter.com/rest/reference}},
	note={Geraadpleegd op 18/05/17}
}

@misc{FacebookPagePhotos,
	author={Facebook Inc.},
	title={Open Graph Page Photos},
	year={2017},
	howpublished={\url{https://developers.facebook.com/docs/graph-api/reference/page/photos/}},
	note={Geraadpleegd op 18/05/17}
}

@misc{FacebookPagePicture,
	author={Facebook Inc.},
	title={Page Picture},
	year={2017},
	howpublished={\url{https://developers.facebook.com/docs/graph-api/reference/page/picture/}},
	note={Geraadpleegd op 18/05/17}
}

@misc{FacebookDimensions,
	author={Jamie Spencer },
	title={2017 SOCIAL MEDIA IMAGE SIZES CHEAT SHEET},
	year={2017},
	howpublished={\url{https://makeawebsitehub.com/social-media-image-sizes-cheat-sheet/}},
	note={Geraadpleegd op 18/05/17}
}
